%---------------------------------------------------------------------------%
%-                                                                         -%
%-                             Bibliography                                -%
%-                                                                         -%
%---------------------------------------------------------------------------%
@mastersthesis{张颖龙2017基于,
  title={基于 WRF-Chem 模式对京津冀地区 $PM_{2.5}$ 污染过程分析及预报实验},
  author={张颖龙},
  year={2017},
  school={南京信息工程大学}
}
@mastersthesis{王瑾2017基于,
  title={基于 WRF-Chem 对 2016 年秋冬季徐州 $PM_{2.5}$ 污染过程的数值模拟研究},
  author={王瑾},
  year={2017},
  school={中国矿业大学}
}
@mastersthesis{唐洁2019三种,
  title={三种边界层参数化方案对强对流天气模拟结果影响的数值试验},
  author={唐洁},
  year={2019},
  school={南京信息工程大学}
}
%---------------------------------------------------------------------------%
